% This file was created with JabRef 2.10.
% Encoding: UTF-8


@Misc{securityweek-ssl-threats,
  Title                    = {Examining Threats Facing Public Key Infrastructure (PKI) and Secure Socket Layer (SSL)},

  Author                   = {Noa Bar-Yosef},
  HowPublished             = {securityweek.com website},
  Month                    = {February},
  Year                     = {2012},

  Owner                    = {arnav},
  Timestamp                = {2018.03.23},
  Url                      = {https://www.securityweek.com/examining-threats-facing-public-key-infrastructure-pki-and-secure-socket-layer-ssl}
}

@Article{ten-pki-risks,
  Title                    = {Ten risks of PKI: What you're not being told about public key infrastructure},
  Author                   = {Ellison, Carl and Schneier, Bruce},
  Journal                  = {Comput Secur J},
  Year                     = {2000},
  Number                   = {1},
  Pages                    = {1--7},
  Volume                   = {16},

  Url                      = {https://www.schneier.com/academic/paperfiles/paper-pki.pdf}
}

@Misc{cso-pki-problems,
  Title                    = {4 fatal problems with PKI},

  Author                   = {Roger A. Grimes},
  HowPublished             = {csoonline.com website},
  Month                    = {June},
  Year                     = {2015},

  Owner                    = {arnav},
  Timestamp                = {2018.03.23},
  Url                      = {https://www.csoonline.com/article/2942072/security/4-fatal-problems-with-pki.html}
}

@InBook{las-example00,
  Title                    = {The title of book one},
  Author                   = {Gregor von Laszewski},
  Editor                   = {Ian Editor},
  Publisher                = {University of Chicago Press},
  Year                     = {2007},

  Address                  = {Chicago},
  Edition                  = {1st.},
  Series                   = {The name of the series one},
  Volume                   = {9},

  Doi                      = {10.1007/3-540-09237-4},
  Subtitle                 = {The book subtitle},
  Url                      = {http://dx.doi.org/10.1007/3-540-09456-9}
}

@Misc{distlab-pki-problems,
  Title                    = {Problems of centralized PKI},

  Author                   = {Bohdan Skriabin},
  HowPublished             = {distributedlab.com website},
  Month                    = {december},
  Year                     = {2017},

  Owner                    = {arnav},
  Timestamp                = {2018.03.23},
  Url                      = {https://distributedlab.com/blog/problems-of-centralized-pki}
}

@Misc{cacert-wiki-pki-history,
  Title                    = {History of Risks \& Threat Events to CAs and PKI},

  Author                   = {SunTzuMelange},
  HowPublished             = {cacert.org website},
  Month                    = {April},
  Year                     = {2017},

  Owner                    = {arnav},
  Timestamp                = {2018.03.23},
  Url                      = {http://wiki.cacert.org/Risk/History}
}

@InBook{editor00,
  Title                    = {The title of book one},
  Editor                   = {Ian Editor},
  Publisher                = {University of Chicago Press},
  Year                     = {2007},

  Address                  = {Chicago},
  Edition                  = {1st.},
  Series                   = {The name of the series one},
  Volume                   = {9},

  Doi                      = {10.1007/3-540-09237-4},
  Subtitle                 = {The book subtitle},
  Url                      = {http://dx.doi.org/10.1007/3-540-09456-9}
}

